@inproceedings{AutomaticWSDLTesting,
  author    = {Leonidas Lampropoulos and Konstantinos Sagonas},
  title     = {Automatic WSDL-guided Test Case Generation for PropEr Testing of Web Services},
  booktitle = {Proceedings of the International Workshop on Automated Specification and Verification of Web Systems (WWV)},
  shortbooktitle = {WWV},
  year      = {2012},
}

@inproceedings{CheckedC,
  author = {Andrew Ruef and Leonidas Lampropoulos and Ian Sweet and David Tarditi and Michael Hicks},
  title = {Achieving Safety Incrementally with Checked C},
  booktitle = {Proceedings of the Symposium on Principles of Security and Trust (POST)},
  shortbooktitle = {POST},
  month = apr,
  year = 2019
}




@inproceedings{ComputingCorrectly,
  author = {Zoe Paraskevopoulou and Aaron Eline and Leonidas Lampropoulos},
  title = {Computing Correctly with Inductive Relations},
  booktitle = {Proceedings of the {ACM} {SIGPLAN} Symposium on Programming Language Design and Implementation (PLDI)},
  shortbooktitle = {PLDI},
  month = JUN,
  year = 2022
}

@inproceedings{DeeperShallowEmbeddings,
  author    = {Jacob Prinz and Alex Kavvos and Leonidas Lampropoulos},
  title     = {Deeper Shallow Embeddings},
  booktitle = {13th International Conference on Interactive Theorem Proving (ITP)},
  shortbooktitle = {ITP},
  year      = 2022,
  series    = {Lecture Notes in Computer Science},
}

@inproceedings{Foundational,
  author    = {Zoe Paraskevopoulou and Catalin Hritcu and Maxime Denes and Leonidas Lampropoulos and Benjamin C. Pierce},
  title     = {Foundational Property-Based Testing},
  booktitle = {6th International Conference on Interactive Theorem Proving (ITP)},
  shortbooktitle = {ITP},
  year      = 2015,
}

@inproceedings{FuzzChick,
  author = {Leonidas Lampropoulos and Michael Hicks and Benjamin C. Pierce},
  title = {Coverage Guided, Property Based Testing},
  booktitle = {Proceedings of the {ACM} Conference on Object-Oriented Programming Languages, Systems, and Applications (OOPSLA)},
  shortbooktitle = {OOPSLA},
  year = 2019,
  month = OCT,
}

@article{GeneratingGoodGenerators,
 author = {Leonidas Lampropoulos and Zoe Paraskevopoulou and Benjamin C. Pierce},
 title = {Generating Good Generators for Inductive Relations},
 booktitle = {Proceedings of the {ACM} Conference on Principles of Programming Languages (POPL)}, 
 shortbooktitle = {POPL},
 month = dec,
 year = 2018,
} 

@phdthesis{LeoThesis2018,,
  author       = {Leonidas Lampropoulos}, 
  title        = {Random Testing for Language Design},
  school       = {University of Pennsylvania},
  place        = {Philadelphia, USA},
  year         = 2018,
  url          = https://lemonidas.github.io/pdf/Leo-PhD-Thesis.pdf,
}

@inproceedings{Luck,
  author    = {Leonidas Lampropoulos and Diane Gallois-Wong and Catalin Hritcu and John Hughes and Benjamin C. Pierce and Li-yao Xia},
  title     = {Beginner's Luck: a language for property-based generators},
  booktitle = {Proceedings of the 44th ACM SIGPLAN Symposium on Principles of Programming Languages, (POPL)},
  shortbooktitle = {POPL},               
  year      = {2017},
}

@inproceedings{MeasuringRobustnessLP,
  author    = {Osbert Bastani and Yani Ioannou and Leonidas Lampropoulos and Dimitrios Vytiniotis and Aditya V. Nori and Antonio Criminisi},
  title     = {Measuring Neural Net Robustness with Constraints},
  booktitle = {Advances in Neural Information Processing Systems (NeurIPS)}
  shortbooktitle = {NeurIPS}
  year      = {2016},
}

@book{QuickChickSF,
  author       =   {Leonidas Lampropoulos and Benjamin C. Pierce},
  title        =   {QuickChick: Property-Based Testing In Coq},
  series       =  "Software Foundations series, volume 4",
  month        =   Aug,
  year         =   "2018",
  publisher    =   "Electronic textbook",                  
}

@article{StrictCheck,
  author    = {Kenneth Foner and Hengchu Zhang and Leonidas Lampropoulos},
  title     = {Keep your Laziness in Check},
  booktitle = {Proceedings of the ACM SIGPLAN International Conference on Functional Programming (ICFP)},
  shortbooktitle = {ICFP},
  year      = {2018},
  journal   = {PACMPL},
}

@inproceedings{TaleOfTwoProvers,
  author    = {Niki Vazou and Leonidas Lampropoulos and Jeff Polakow},
  title     = {A Tale of Two Provers: Verifying Monoidal String Matching in Liquid Haskell and Coq},
  booktitle = {Proceedings of the ACM SIGPLAN International Symposium on Haskell},
  shortbooktitle = {Haskell},
  year      = {2017},
}

@inproceedings{TestingNoninterferenceQuickly,
  author = {Catalin Hritcu and John Hughes and Benjamin C. Pierce and Antal Spector-Zabusky and Dimitrios Vytiniotis and Arthur Azevedo de Amorim and Leonidas Lampropoulos},
  title = {Testing Noninterference, Quickly},
  booktitle = {Proceedings of the ACM SIGPLAN International Conference on Functional Programming (ICFP)},
  shortbooktitle = {ICFP},
  year = {2013},
}

@article{Testing_ni_jfp,
  author = {Catalin Hritcu and Leonidas Lampropoulos and Antal Spector-Zabusky and Arthur Azevedo de Amorim and Maxime Denes and John Hughes and Benjamin C. Pierce and Dimitrios Vytiniotis},
  title = {Testing Noninterference, Quickly},
  journal = {Journal of Functional Programming (JFP)},
  shortjournal = {JFP},
  month = apr,
  year = {2016},
}

@inproceedings{UrnRandom,
 author = {Leonidas Lampropoulos and Antal Spector-Zabusky and Kenneth Foner},
 title = {Ode on a Random Urn (Functional Pearl)},
 booktitle = {Proceedings of the ACM SIGPLAN International Symposium on Haskell},
 shortbooktitle = {Haskell},
 year = {2017},
} 

