@phdthesis{LeoThesis2018,
  author       = {Leonidas Lampropoulos}, 
  title        = {Random Testing for Language Design},
  school       = {University of Pennsylvania},
  place        = {Philadelphia, USA},
  year         = 2018,
  url          = https://lemonidas.github.io/pdf/Leo-PhD-Thesis.pdf,
}
