@book{QuickChickSF,
  author       =  {Leonidas Lampropoulos and Benjamin C. Pierce},
  title        =  {QuickChick: Property-Based Testing In Coq},
  series       =  {Software Foundations series, volume 4},
  month        =  Aug,
  year         =  2018,
  publisher    =  {Electronic textbook},
}

